2796 4632
185 137 264 216 284
490 123 550 210 Ol.
576 131 697 251 Xttlt.
748 91 992 242 lliadelplria.
1085 95 1089 100 ³

181 325 183 338 '
228 343 305 410 pam
324 319 360 390 11.
381 316 508 405 Irtysrlr
530 315 587 405 (m
609 315 690 404 Μ),
711 338 814 405 prope
835 317 997 384 Ridderak
1021 321 1106 401 (L),
1129 317 1162 385 iu
1184 317 1298 384 insulis

129 485 134 500 ,
228 439 262 502 il.
285 438 427 517 Techuja
448 431 533 516 (3.).
569 431 619 497 Fl.
641 443 823 518 pertatem
845 441 1026 498 aestatem„
1059 441 1108 506 lt.

177 621 182 628 ,
273 553 387 619 Planta
407 550 491 614 mire
512 548 652 614 varians.
695 545 834 612 Radix
862 549 1053 636 plerumque
1073 551 1181 632 caules
1203 546 1300 610 amit-

188 667 230 731 tit
252 643 550 744 dumerosissimes,
579 664 652 748 plus
674 663 729 727 vel
749 661 858 726 minue
887 665 1072 746 elongatos,
1101 673 1224 728 erectos
1245 663 1301 727 vel
1372 706 1376 717 .

54 775 58 783 “
189 780 435 862 adscendentem
446 783 630 842 -exteriores
644 777 747 842 immo
762 789 874 842 exacte
886 763 1139 864 procumbentes,
1155 779 1303 866 plemm-

190 917 254 984 que
276 895 427 984 simplicis
447 893 502 960 vel
523 893 626 956 rarius
648 913 739 958 ramo
754 915 827 993 gano
854 894 996 958 alterove
1017 915 1131 980 parum
1151 893 1301 974 elongato
1391 889 1397 914 ¹

172 1020 311 1076 'auctos
354 1009 477 1076 Folia
499 1009 685 1090 multijuga:
706 1008 834 1090 foliolis
861 1009 1027 1090 oblongis,
1058 1009 1226 1074 latioribus
1246 1011 1303 1074 rel

192 1125 447 1210 augustioribus,
474 1121 519 1188 ita
547 1134 584 1186 ut
605 1121 703 1189 modo
731 1115 1014 1206 orato-oblonga,
1047 1124 1144 1189 modo
1169 1124 1304 1188 lineari-

192 1244 330 1322 oblonga
349 1237 567 1304 inveniantur.
613 1238 808 1326 stipulae
831 1239 916 1302 cauli
937 1261 996 1302 aec
1016 1240 1137 1326 petiole
1153 1237 1303 1317 adnatae,

191 1328 360 1426 inferiores
380 1353 516 1420 subinde
536 1354 623 1418 inter
644 1373 680 1418 se
700 1364 869 1434 cannatae,
889 1351 1041 1418 ridentur
1054 1355 1304 1443 opposititoliae.
1380 1401 1383 1414 .

191 1471 350 1538 Racemi
370 1469 511 1535 laxiores
532 1469 588 1532 val
609 1466 791 1549 densiores,
819 1467 953 1534 demum
974 1471 1113 1550 elongati
1134 1483 1168 1534 et
1188 1471 1306 1534 folium

192 1585 328 1674 duplum
353 1587 444 1668 longi
467 1587 523 1649 vel
552 1586 726 1666 longiores.
774 1583 921 1650 Floras
948 1583 1095 1665 7-25,
1124 1584 1222 1651 modo
1251 1585 1307 1648 in·
1395 1639 1396 1642 ,

90 1754 93 1758 .
143 1729 148 1738 ·
190 1714 297 1784 tense,
319 1699 417 1766 modo
438 1699 558 1788 pallide
571 1701 718 1782 violacei,
740 1701 844 1764 immo
862 1701 926 1764 albi
940 1706 1121 1787 (nunquam
1138 1720 1216 1764 vero
1230 1721 1311 1788 pur-

192 1818 517 1905 purascenti-roseos
529 1814 697 1896 vidimus),
719 1815 940 1898 magnitudine
954 1815 1051 1882 valde
1071 1817 1206 1884 variant.
1235 1813 1306 1880 Neo

192 1933 303 1996 minua
324 1933 429 1997 variat
450 1931 636 2020 superficias
658 1931 757 1994 totins
778 1931 918 2017 plantae,
941 1931 1142 2020 quaerundo
1164 1931 1308 1996 subviri—
1342 1991 1344 1997 ,

162 2046 262 2126 adis,
283 2051 370 2136 pube
391 2048 580 2112 tenuissime
602 2043 758 2147 obducta,
781 2045 879 2111 modo
901 2047 1032 2129 incana,
1054 2045 1152 2112 modo
1173 2047 1306 2128 sericea,
1395 2077 1397 2140 3

192 2163 296 2245 immo
318 2163 393 2248 pilis
414 2163 506 2226 albis
517 2163 622 2244 longis
644 2163 830 2249 patentibus
851 2174 902 2228 sat
923 2160 1024 2228 dense
1044 2161 1150 2230 obsite
1171 2173 1232 2228 ent.
1290 2249 1294 2255 Ι
1396 2165 1397 2174 ’

280 2277 417 2358 Singula
451 2277 613 2342 variarum
647 2274 825 2342 formarum
860 2277 1043 2364 specimine,-
1066 2278 1212 2342 habitum
1239 2299 1307 2340 non

194 2415 267 2469 raro
280 2385 357 2474 xtam
377 2389 544 2456 diversum
571 2389 727 2472 induunt,
755 2403 793 2456 ut
814 2392 921 2480 speeie
941 2394 1025 2458 inter
1045 2413 1082 2486 se
1103 2391 1233 2460 differre
1255 2397 1309 2455 vi-

194 2507 343 2576 deantur.
385 2506 471 2572 Sunt
491 2518 599 2572 antem
621 2505 796 2594 specimina
817 2507 1005 2590 innumera,
1035 2529 1117 2596 qnae
1134 2509 1308 2573 transitum

195 2625 496 2716 demonstrant-
539 2621 590 2686 Da
612 2643 794 2706 synonymo
814 2623 1000 2702 Poliasiono
1022 2645 1061 2688 eo
1083 2623 1190 2688 minus
1212 2624 1309 2688 dubi-

195 2752 267 2806 tare
288 2742 374 2820 licet,
396 2737 631 2826 qunmplanta,
654 2736 695 2800 de
711 2751 771 2824 qua
790 2740 925 2822 agimus,
947 2742 983 2802 in
1005 2750 1118 2821 tractu,
1140 2761 1237 2826 quem
1258 2744 1308 2806 ill.
1387 2773 1390 2780 ·

76 2879 80 2888 ¹
197 2859 281 2924 Pau
303 2853 524 2936 Astragali
554 2840 795 2916 floribundi
819 2855 957 2940 patriam
980 2854 1068 2937 dicit,
1090 2855 1312 2928 maximeno-

197 2971 253 3062 pta
274 2967 479 3060 provenit'et
499 2977 677 3054 pertatem
699 2977 856 3031 aestatem
877 2969 1011 3034 floribus
1033 2981 1147 3035 onusta
1167 2983 1229 3042 est

358 3130 361 3140 ¹
452 3094 487 3181 b)
518 3100 605 3160 caule
626 3097 809 3160 abbreviato
831 3102 883 3162 vel
901 3101 1056 3164 subaudio.

376 3231 378 3240 ·
430 3209 486 3298 13)
530 3211 725 3277 Oxrcaor'rs
754 3233 981 3278 aauvrcaunrs.
1026 3239 1068 3281 m.

201 3327 245 3407 0.
270 3328 487 3406 adulescens
514 3344 640 3405 enecta
673 3329 909 3423 satanicas,
944 3333 1052 3406 caule
1078 3329 1311 3425 abbreviato,

249 3459 355 3536 foliis
380 3459 580 3554 confertis,
613 3462 762 3561 stipulis
788 3463 925 3562 petiole
952 3465 1101 3539 adnatis
1125 3466 1311 3539 lanceola·
1396 3433 1397 3462 l

252 3591 304 3667 tis
337 3591 568 3668 acuminatis
602 3594 765 3688 ciliatis,
800 3595 941 3676 foliolis
974 3612 1110 3672 ovato
1128 3596 1313 3717 oblongis,
1396 3589 1397 3598 ¹

181 3787 186 3794 .
239 3721 473 3822 'pedunculis
507 3723 596 3800 lolio
630 3726 740 3825 duplo
773 3728 1025 3831 longioribus,
1059 3729 1225 3802 racemis
1251 3731 1313 3801 ‹le-

207 3936 210 3944 ,
252 3877 364 3931 mum
395 3855 598 3958 elongatis,
631 3857 795 3934 bracteis
821 3861 1027 3934 dimidium
1054 3849 1201 3960 calyois
1228 3865 1316 3935 sub-

255 3987 517 4084 sequentibus,
534 3989 791 4089 leguminibus
814 3991 1068 4091 cylindraoeis
1089 3992 1225 4070 erectis
1248 4020 1315 4091 pu.

182 4135 200 4156 '·
222 4171 224 4178 r
253 4116 491 4240 bescentibus
506 4123 832 4226 ‘uniloculacibus
